<?xml version="1.0" encoding="UTF-8"?>
  <record xmlns="http://www.loc.gov/MARC21/slim" type="Authority">
    <leader>00000nz  a2200000nc 4500</leader>
    <controlfield tag="001">102104387</controlfield>
    <controlfield tag="003">DE-101</controlfield>
    <controlfield tag="005">20220721174817.0</controlfield>
    <controlfield tag="008">920623n||azznnaabn           | aaa    |c</controlfield>
    <datafield tag="024" ind1="7" ind2=" ">
      <subfield code="a">102104387</subfield>
      <subfield code="0">http://d-nb.info/gnd/102104387</subfield>
      <subfield code="2">gnd</subfield>
    </datafield>
    <datafield tag="035" ind1=" " ind2=" ">
      <subfield code="a">(DE-101)102104387</subfield>
    </datafield>
    <datafield tag="035" ind1=" " ind2=" ">
      <subfield code="a">(DE-588)102104387</subfield>
    </datafield>
    <datafield tag="035" ind1=" " ind2=" ">
      <subfield code="z">(DE-588)14008875X</subfield>
    </datafield>
    <datafield tag="035" ind1=" " ind2=" ">
      <subfield code="z">(DE-588a)14008875X</subfield>
      <subfield code="9">v:zg</subfield>
    </datafield>
    <datafield tag="035" ind1=" " ind2=" ">
      <subfield code="z">(DE-588)1243901209</subfield>
    </datafield>
    <datafield tag="035" ind1=" " ind2=" ">
      <subfield code="z">(DE-588a)102104387</subfield>
      <subfield code="9">v:zg</subfield>
    </datafield>
    <datafield tag="035" ind1=" " ind2=" ">
      <subfield code="z">(DE-588a)140343156</subfield>
    </datafield>
    <datafield tag="035" ind1=" " ind2=" ">
      <subfield code="z">(DE-588c)4765812-5</subfield>
      <subfield code="9">v:zg</subfield>
    </datafield>
    <datafield tag="040" ind1=" " ind2=" ">
      <subfield code="a">DE-7</subfield>
      <subfield code="c">DE-7</subfield>
      <subfield code="9">r:DE-601</subfield>
      <subfield code="b">ger</subfield>
      <subfield code="d">9999</subfield>
      <subfield code="e">rda</subfield>
    </datafield>
    <datafield tag="042" ind1=" " ind2=" ">
      <subfield code="a">gnd1</subfield>
    </datafield>
    <datafield tag="043" ind1=" " ind2=" ">
      <subfield code="c">XA-DE</subfield>
    </datafield>
    <datafield tag="065" ind1=" " ind2=" ">
      <subfield code="a">16.5p</subfield>
      <subfield code="2">sswd</subfield>
    </datafield>
    <datafield tag="075" ind1=" " ind2=" ">
      <subfield code="b">p</subfield>
      <subfield code="2">gndgen</subfield>
    </datafield>
    <datafield tag="075" ind1=" " ind2=" ">
      <subfield code="b">piz</subfield>
      <subfield code="2">gndspec</subfield>
    </datafield>
    <datafield tag="079" ind1=" " ind2=" ">
      <subfield code="a">g</subfield>
      <subfield code="q">a</subfield>
      <subfield code="q">f</subfield>
      <subfield code="q">s</subfield>
      <subfield code="q">h</subfield>
      <subfield code="q">z</subfield>
      <subfield code="u">v</subfield>
      <subfield code="u">o</subfield>
      <subfield code="u">m</subfield>
      <subfield code="u">k</subfield>
    </datafield>
    <datafield tag="100" ind1="0" ind2=" ">
      <subfield code="a">Wilhelm</subfield>
      <subfield code="b">IV.</subfield>
      <subfield code="c">Sachsen-Weimar, Herzog</subfield>
      <subfield code="d">1598-1662</subfield>
    </datafield>
    <datafield tag="375" ind1=" " ind2=" ">
      <subfield code="a">1</subfield>
      <subfield code="2">iso5218</subfield>
    </datafield>
    <datafield tag="400" ind1="0" ind2=" ">
      <subfield code="a">Wilhelm</subfield>
      <subfield code="c">der Große</subfield>
      <subfield code="d">1598-1662</subfield>
    </datafield>
    <datafield tag="400" ind1="0" ind2=" ">
      <subfield code="a">Wilhelm</subfield>
      <subfield code="c">Sachsen, Herzog</subfield>
      <subfield code="d">1598-1662</subfield>
    </datafield>
    <datafield tag="400" ind1="0" ind2=" ">
      <subfield code="a">Wilhelm</subfield>
      <subfield code="c">Sachsen-Jülich-Cleve-Berg, Herzog</subfield>
      <subfield code="d">1598-1662</subfield>
    </datafield>
    <datafield tag="400" ind1="0" ind2=" ">
      <subfield code="a">Wilhelmus</subfield>
      <subfield code="b">IV.</subfield>
      <subfield code="c">Saxonia, Dux</subfield>
      <subfield code="d">1598-1662</subfield>
    </datafield>
    <datafield tag="400" ind1="0" ind2=" ">
      <subfield code="a">Willhelm</subfield>
      <subfield code="c">Sachsen, Herzog</subfield>
      <subfield code="d">1598-1662</subfield>
    </datafield>
    <datafield tag="400" ind1="0" ind2=" ">
      <subfield code="a">Der Schmackhafte</subfield>
      <subfield code="d">1598-1662</subfield>
      <subfield code="4">pseu</subfield>
      <subfield code="4">https://d-nb.info/standards/elementset/gnd#pseudonym</subfield>
      <subfield code="w">r</subfield>
      <subfield code="i">Pseudonym</subfield>
      <subfield code="e">Pseudonym</subfield>
    </datafield>
    <datafield tag="400" ind1="0" ind2=" ">
      <subfield code="a">Wilhelm</subfield>
      <subfield code="b">IV</subfield>
      <subfield code="c">Herzog von Sachsen-Weimar</subfield>
      <subfield code="d">1598-1662</subfield>
    </datafield>
    <datafield tag="400" ind1="0" ind2=" ">
      <subfield code="a">Wilhelm</subfield>
      <subfield code="c">der Grosse</subfield>
      <subfield code="d">1598-1662</subfield>
    </datafield>
    <datafield tag="400" ind1="0" ind2=" ">
      <subfield code="a">Wilhelm</subfield>
      <subfield code="c">Sachsen-Weimar, Herzog</subfield>
      <subfield code="d">1598-1662</subfield>
    </datafield>
    <datafield tag="500" ind1="0" ind2=" ">
      <subfield code="0">(DE-101)104176679</subfield>
      <subfield code="0">(DE-588)104176679</subfield>
      <subfield code="0">https://d-nb.info/gnd/104176679</subfield>
      <subfield code="a">Johann</subfield>
      <subfield code="c">Sachsen-Weimar, Herzog, 1570-1605</subfield>
      <subfield code="d">1570-1605</subfield>
      <subfield code="4">bezf</subfield>
      <subfield code="4">https://d-nb.info/standards/elementset/gnd#familialRelationship</subfield>
      <subfield code="w">r</subfield>
      <subfield code="i">Beziehung familiaer</subfield>
      <subfield code="e">Beziehung familiaer</subfield>
      <subfield code="9">v:Vater</subfield>
    </datafield>
    <datafield tag="500" ind1="0" ind2=" ">
      <subfield code="0">(DE-101)120183102</subfield>
      <subfield code="0">(DE-588)120183102</subfield>
      <subfield code="0">https://d-nb.info/gnd/120183102</subfield>
      <subfield code="a">Eleonore Dorothea</subfield>
      <subfield code="c">Sachsen-Weimar, Herzogin</subfield>
      <subfield code="d">1602-1664</subfield>
      <subfield code="4">bezf</subfield>
      <subfield code="4">https://d-nb.info/standards/elementset/gnd#familialRelationship</subfield>
      <subfield code="w">r</subfield>
      <subfield code="i">Beziehung familiaer</subfield>
      <subfield code="e">Beziehung familiaer</subfield>
      <subfield code="9">v:Ehefrau</subfield>
    </datafield>
    <datafield tag="500" ind1="0" ind2=" ">
      <subfield code="0">(DE-101)102109028</subfield>
      <subfield code="0">(DE-588)102109028</subfield>
      <subfield code="0">https://d-nb.info/gnd/102109028</subfield>
      <subfield code="a">Johann Ernst</subfield>
      <subfield code="b">II.</subfield>
      <subfield code="c">Sachsen-Weimar, Herzog</subfield>
      <subfield code="d">1627-1683</subfield>
      <subfield code="4">bezf</subfield>
      <subfield code="4">https://d-nb.info/standards/elementset/gnd#familialRelationship</subfield>
      <subfield code="w">r</subfield>
      <subfield code="i">Beziehung familiaer</subfield>
      <subfield code="e">Beziehung familiaer</subfield>
      <subfield code="9">v:Sohn</subfield>
    </datafield>
    <datafield tag="500" ind1="0" ind2=" ">
      <subfield code="0">(DE-101)102322376</subfield>
      <subfield code="0">(DE-588)102322376</subfield>
      <subfield code="0">https://d-nb.info/gnd/102322376</subfield>
      <subfield code="a">Adolf Wilhelm</subfield>
      <subfield code="c">Sachsen-Eisenach, Herzog</subfield>
      <subfield code="d">1632-1668</subfield>
      <subfield code="4">bezf</subfield>
      <subfield code="4">https://d-nb.info/standards/elementset/gnd#familialRelationship</subfield>
      <subfield code="w">r</subfield>
      <subfield code="i">Beziehung familiaer</subfield>
      <subfield code="e">Beziehung familiaer</subfield>
      <subfield code="9">v:Sohn</subfield>
    </datafield>
    <datafield tag="500" ind1="0" ind2=" ">
      <subfield code="0">(DE-101)102816964</subfield>
      <subfield code="0">(DE-588)102816964</subfield>
      <subfield code="0">https://d-nb.info/gnd/102816964</subfield>
      <subfield code="a">Johann Georg</subfield>
      <subfield code="b">I.</subfield>
      <subfield code="c">Sachsen-Eisenach, Herzog</subfield>
      <subfield code="d">1634-1686</subfield>
      <subfield code="4">bezf</subfield>
      <subfield code="4">https://d-nb.info/standards/elementset/gnd#familialRelationship</subfield>
      <subfield code="w">r</subfield>
      <subfield code="i">Beziehung familiaer</subfield>
      <subfield code="e">Beziehung familiaer</subfield>
      <subfield code="9">v:Sohn</subfield>
    </datafield>
    <datafield tag="500" ind1="0" ind2=" ">
      <subfield code="0">(DE-101)10230887X</subfield>
      <subfield code="0">(DE-588)10230887X</subfield>
      <subfield code="0">https://d-nb.info/gnd/10230887X</subfield>
      <subfield code="a">Bernhard</subfield>
      <subfield code="c">Sachsen-Jena, Herzog</subfield>
      <subfield code="d">1638-1678</subfield>
      <subfield code="4">bezf</subfield>
      <subfield code="4">https://d-nb.info/standards/elementset/gnd#familialRelationship</subfield>
      <subfield code="w">r</subfield>
      <subfield code="i">Beziehung familiaer</subfield>
      <subfield code="e">Beziehung familiaer</subfield>
      <subfield code="9">v:Sohn</subfield>
    </datafield>
    <datafield tag="500" ind1="0" ind2=" ">
      <subfield code="0">(DE-101)104177667</subfield>
      <subfield code="0">(DE-588)104177667</subfield>
      <subfield code="0">https://d-nb.info/gnd/104177667</subfield>
      <subfield code="a">Wilhelm</subfield>
      <subfield code="c">Sachsen-Weimar, Herzog</subfield>
      <subfield code="d">1626-1626</subfield>
      <subfield code="4">bezf</subfield>
      <subfield code="4">https://d-nb.info/standards/elementset/gnd#familialRelationship</subfield>
      <subfield code="w">r</subfield>
      <subfield code="i">Beziehung familiaer</subfield>
      <subfield code="e">Beziehung familiaer</subfield>
      <subfield code="9">v:Sohn</subfield>
    </datafield>
    <datafield tag="500" ind1="0" ind2=" ">
      <subfield code="0">(DE-101)120065053</subfield>
      <subfield code="0">(DE-588)120065053</subfield>
      <subfield code="0">https://d-nb.info/gnd/120065053</subfield>
      <subfield code="a">Johann Wilhelm</subfield>
      <subfield code="c">Sachsen-Weimar, Herzog</subfield>
      <subfield code="d">1630-1639</subfield>
      <subfield code="4">bezf</subfield>
      <subfield code="4">https://d-nb.info/standards/elementset/gnd#familialRelationship</subfield>
      <subfield code="w">r</subfield>
      <subfield code="i">Beziehung familiaer</subfield>
      <subfield code="e">Beziehung familiaer</subfield>
      <subfield code="9">v:Sohn</subfield>
    </datafield>
    <datafield tag="500" ind1="0" ind2=" ">
      <subfield code="0">(DE-101)104176202</subfield>
      <subfield code="0">(DE-588)104176202</subfield>
      <subfield code="0">https://d-nb.info/gnd/104176202</subfield>
      <subfield code="a">Friedrich</subfield>
      <subfield code="c">Sachsen-Weimar, Herzog</subfield>
      <subfield code="d">1640-1656</subfield>
      <subfield code="4">bezf</subfield>
      <subfield code="4">https://d-nb.info/standards/elementset/gnd#familialRelationship</subfield>
      <subfield code="w">r</subfield>
      <subfield code="i">Beziehung familiaer</subfield>
      <subfield code="e">Beziehung familiaer</subfield>
      <subfield code="9">v:Sohn</subfield>
    </datafield>
    <datafield tag="500" ind1="0" ind2=" ">
      <subfield code="0">(DE-101)121465675</subfield>
      <subfield code="0">(DE-588)121465675</subfield>
      <subfield code="0">https://d-nb.info/gnd/121465675</subfield>
      <subfield code="a">Dorothea Maria</subfield>
      <subfield code="c">Sachsen-Zeitz, Herzogin</subfield>
      <subfield code="d">1641-1675</subfield>
      <subfield code="4">bezf</subfield>
      <subfield code="4">https://d-nb.info/standards/elementset/gnd#familialRelationship</subfield>
      <subfield code="w">r</subfield>
      <subfield code="i">Beziehung familiaer</subfield>
      <subfield code="e">Beziehung familiaer</subfield>
      <subfield code="9">v:Tochter</subfield>
    </datafield>
    <datafield tag="500" ind1="0" ind2=" ">
      <subfield code="0">(DE-101)104176725</subfield>
      <subfield code="0">(DE-588)104176725</subfield>
      <subfield code="0">https://d-nb.info/gnd/104176725</subfield>
      <subfield code="a">Wilhelmine Eleonore</subfield>
      <subfield code="c">Sachsen-Weimar, Herzogin</subfield>
      <subfield code="d">1636-1653</subfield>
      <subfield code="4">bezf</subfield>
      <subfield code="4">https://d-nb.info/standards/elementset/gnd#familialRelationship</subfield>
      <subfield code="w">r</subfield>
      <subfield code="i">Beziehung familiaer</subfield>
      <subfield code="e">Beziehung familiaer</subfield>
      <subfield code="9">v:Tochter</subfield>
    </datafield>
    <datafield tag="510" ind1="2" ind2=" ">
      <subfield code="0">(DE-101)004706463</subfield>
      <subfield code="0">(DE-588)2011193-9</subfield>
      <subfield code="0">https://d-nb.info/gnd/2011193-9</subfield>
      <subfield code="a">Fruchtbringende Gesellschaft</subfield>
      <subfield code="4">affi</subfield>
      <subfield code="4">https://d-nb.info/standards/elementset/gnd#affiliation</subfield>
      <subfield code="w">r</subfield>
      <subfield code="i">Affiliation</subfield>
      <subfield code="e">Affiliation</subfield>
    </datafield>
    <datafield tag="548" ind1=" " ind2=" ">
      <subfield code="a">1598-1662</subfield>
      <subfield code="4">datl</subfield>
      <subfield code="4">https://d-nb.info/standards/elementset/gnd#dateOfBirthAndDeath</subfield>
      <subfield code="w">r</subfield>
      <subfield code="i">Lebensdaten</subfield>
    </datafield>
    <datafield tag="548" ind1=" " ind2=" ">
      <subfield code="a">11.04.1598-17.05.1662</subfield>
      <subfield code="4">datx</subfield>
      <subfield code="4">https://d-nb.info/standards/elementset/gnd#dateOfBirthAndDeath</subfield>
      <subfield code="w">r</subfield>
      <subfield code="i">Exakte Lebensdaten</subfield>
    </datafield>
    <datafield tag="551" ind1=" " ind2=" ">
      <subfield code="0">(DE-101)040014096</subfield>
      <subfield code="0">(DE-588)4001409-5</subfield>
      <subfield code="0">https://d-nb.info/gnd/4001409-5</subfield>
      <subfield code="a">Altenburg</subfield>
      <subfield code="g">Thüringen</subfield>
      <subfield code="4">ortg</subfield>
      <subfield code="4">https://d-nb.info/standards/elementset/gnd#placeOfBirth</subfield>
      <subfield code="w">r</subfield>
      <subfield code="i">Geburtsort</subfield>
    </datafield>
    <datafield tag="551" ind1=" " ind2=" ">
      <subfield code="0">(DE-101)040651053</subfield>
      <subfield code="0">(DE-588)4065105-8</subfield>
      <subfield code="0">https://d-nb.info/gnd/4065105-8</subfield>
      <subfield code="a">Weimar</subfield>
      <subfield code="4">orts</subfield>
      <subfield code="4">https://d-nb.info/standards/elementset/gnd#placeOfDeath</subfield>
      <subfield code="w">r</subfield>
      <subfield code="i">Sterbeort</subfield>
    </datafield>
    <datafield tag="667" ind1=" " ind2=" ">
      <subfield code="a">7</subfield>
    </datafield>
    <datafield tag="667" ind1=" " ind2=" ">
      <subfield code="a">VD-17</subfield>
    </datafield>
    <datafield tag="667" ind1=" " ind2=" ">
      <subfield code="a">3</subfield>
    </datafield>
    <datafield tag="667" ind1=" " ind2=" ">
      <subfield code="a">VD-18</subfield>
    </datafield>
    <datafield tag="667" ind1=" " ind2=" ">
      <subfield code="a">Buchbesitz: HAAB Weimar</subfield>
    </datafield>
    <datafield tag="670" ind1=" " ind2=" ">
      <subfield code="a">Posse: Die Wettiner, Taf. 10, Nr. 6; Europ. Stammtafeln, N.F. I.1, Taf. 155</subfield>
    </datafield>
    <datafield tag="670" ind1=" " ind2=" ">
      <subfield code="a">Supellex epistolica Uffenbachii et Wolfiorum = Katalog der Uffenbach-Wolfschen Briefsammlung / hrsg. u. bearb. von Nilüfer Krüger. - Hamburg : Hauswedell, 1978. 2 Bde. - (Katalog der Handschriften der Staats- und Universitätsbibliothek Hamburg ; 8)</subfield>
    </datafield>
    <datafield tag="670" ind1=" " ind2=" ">
      <subfield code="a">ADB</subfield>
      <subfield code="u">https://www.deutsche-biographie.de/sfz14858.html#adbcontent</subfield>
    </datafield>
    <datafield tag="670" ind1=" " ind2=" ">
      <subfield code="a">Wikipedia</subfield>
      <subfield code="u">https://de.wikipedia.org/wiki/Wilhelm_%28Sachsen-Weimar%29</subfield>
    </datafield>
    <datafield tag="672" ind1=" " ind2="0">
      <subfield code="a">Wilhelm &lt;Sachsen-Weimar, Herzog, IV.&gt;: Tax-Ordnung wegen des Gesinde- Acker- u. Tagelohns</subfield>
      <subfield code="f">1651</subfield>
    </datafield>
    <datafield tag="672" ind1=" " ind2="0">
      <subfield code="a">Wilhelm &lt;Sachsen-Weimar, Herzog, IV.&gt;: Ordnung, wie es auf Verlöbnissen ...gehalten werde*</subfield>
      <subfield code="f">1653</subfield>
    </datafield>
    <datafield tag="672" ind1=" " ind2="0">
      <subfield code="a">Wilhelm &lt;Sachsen-Weimar, Herzog, IV.&gt;: Ausschreiben, den 100jährigen Jahrestag des Augsbu*</subfield>
    </datafield>
    <datafield tag="672" ind1=" " ind2="0">
      <subfield code="a">Wilhelm &lt;Sachsen-Weimar, Herzog, IV.&gt;: Wilhelms, H. zu Sachsen ..., erneuerte Ordnung, wi*</subfield>
      <subfield code="f">1658</subfield>
    </datafield>
    <datafield tag="672" ind1=" " ind2="0">
      <subfield code="a">Wilhelm &lt;Sachsen-Weimar, Herzog, IV.&gt;: Erneuerte Ordnung, wie es ... auff Verlöbnissen, H*</subfield>
      <subfield code="f">1658</subfield>
    </datafield>
    <datafield tag="678" ind1=" " ind2=" ">
      <subfield code="b">Herzog in Sachsen-Weimar, 23.05.1625 Heirat mit Eleonore Dorothea von Anhalt-Dessau (1602-1664), Mitglied der Fruchtbringenden Gesellschaft (Der Schmackhafte)</subfield>
    </datafield>
    <datafield tag="913" ind1=" " ind2=" ">
      <subfield code="S">pnd</subfield>
      <subfield code="i">5</subfield>
      <subfield code="a">Wilhelm &lt;Sachsen-Weimar, Herzog, IV.&gt;</subfield>
      <subfield code="0">(DE-588a)102104387</subfield>
    </datafield>
    <datafield tag="913" ind1=" " ind2=" ">
      <subfield code="S">pnd</subfield>
      <subfield code="i">5</subfield>
      <subfield code="a">Wilhelm &lt;von Sachsen-Weimar&gt;</subfield>
      <subfield code="0">(DE-588a)14008875X</subfield>
    </datafield>
  </record>
